<record><leader>00000cas a22000007a 4500</leader><controlfield tag="001">10133357</controlfield><controlfield tag="008">831116d18551864pauwr ne      0    0eng d</controlfield><datafield ind1=" " ind2=" " tag="010"><subfield code="a">sn 83032023 </subfield></datafield><datafield ind1=" " ind2=" " tag="040"><subfield code="a">NPU</subfield><subfield code="b">eng</subfield><subfield code="c">NPU</subfield><subfield code="d">DLC</subfield><subfield code="d">NPU</subfield><subfield code="d">DLC</subfield><subfield code="d">NPX</subfield><subfield code="d">NPH</subfield><subfield code="d">OCLCQ</subfield><subfield code="d">DLC</subfield></datafield><datafield ind1=" " ind2=" " tag="042"><subfield code="a">msc</subfield></datafield><datafield ind1="0" ind2="0" tag="245"><subfield code="a">Montour American.</subfield></datafield><datafield ind1="1" ind2="3" tag="246"><subfield code="a">Montour herald</subfield></datafield><datafield ind1=" " ind2=" " tag="260"><subfield code="a">Danville, Pa. :</subfield><subfield code="b">D.H.B. Brower</subfield></datafield><datafield ind1=" " ind2=" " tag="300"><subfield code="a">v. ;</subfield><subfield code="c">60-71 cm.</subfield></datafield><datafield ind1=" " ind2=" " tag="310"><subfield code="a">Weekly</subfield></datafield><datafield ind1="1" ind2=" " tag="362"><subfield code="a">Began with Dec. 11, 1855 issue; ceased in Jan. 1864.</subfield><subfield code="z">Cf. Battle, J.H. Hist. of Columbia and Montour Counties, Pa.</subfield></datafield><datafield ind1=" " ind2=" " tag="500"><subfield code="a">Published as: Montour herald, 1859. Cf. Brower, D.H.B. Danville, Montour Co., Pa., 1881.</subfield></datafield><datafield ind1=" " ind2=" " tag="500"><subfield code="a">Publishers: William H. Bradley &amp; Lewis Gordon, &lt;1873&gt;; Joel E. Bradley, &lt;1876&gt;.</subfield></datafield><datafield ind1=" " ind2=" " tag="500"><subfield code="a">"Republican," &lt;1876&gt;.</subfield></datafield><datafield ind1=" " ind2=" " tag="500"><subfield code="a">Editors: Joel E. Bradley, &lt;1876&gt;; William H. Bradley, &lt;1876&gt;.</subfield></datafield><datafield ind1=" " ind2=" " tag="588"><subfield code="a">Description based on: Vol. 1, no. 27 (June 10, 1856).</subfield></datafield><datafield ind1=" " ind2=" " tag="752"><subfield code="a">United States</subfield><subfield code="b">Pennsylvania</subfield><subfield code="c">Montour</subfield><subfield code="d">Danville.</subfield></datafield><datafield ind1="0" ind2="7" tag="780"><subfield code="t">Danville Democrat, and tariff advocate</subfield><subfield code="w">(DLC)sn 86071355</subfield></datafield><datafield ind1="0" ind2="7" tag="780"><subfield code="t">Danville American &amp; democrat</subfield></datafield><datafield ind1="1" ind2=" " tag="029"><subfield code="a">AU@</subfield><subfield code="b">000025834100</subfield></datafield></record>